

<record>
  <leader>01077cam a22003377a 4500</leader>
  <datafield tag="999" ind1=" " ind2=" ">
    <subfield code="c">22906</subfield>
    <subfield code="d">22906</subfield>
  </datafield>
  <controlfield tag="003">BR-RjBN</controlfield>
  <controlfield tag="005">20171204064534.0</controlfield>
  <controlfield tag="008">120604s2010   peb    g      000 0  or</controlfield>
  <datafield tag="020" ind1=" " ind2=" ">
    <subfield code="a">9788570194732 (obra completa)</subfield>
  </datafield>
  <datafield tag="035" ind1=" " ind2=" ">
    <subfield code="a">2012060411364042med</subfield>
  </datafield>
  <datafield tag="040" ind1=" " ind2=" ">
    <subfield code="a">BR-RjBN</subfield>
    <subfield code="b">por</subfield>
  </datafield>
  <datafield tag="082" ind1="0" ind2="4">
    <subfield code="a">150.195</subfield>
    <subfield code="2">22</subfield>
  </datafield>
  <datafield tag="090" ind1=" " ind2=" ">
    <subfield code="a">150.195</subfield>
    <subfield code="b">M488p</subfield>
  </datafield>
  <datafield tag="100" ind1="1" ind2=" ">
    <subfield code="a">Medeiros, Paulo Roberto,</subfield>
    <subfield code="d">m. 2008</subfield>
  </datafield>
  <datafield tag="245" ind1="1" ind2="0">
    <subfield code="a">Papéis de psicanálise &amp; cultura /</subfield>
    <subfield code="c">Paulo Roberto Medeiros ; oganização de Helena Pessôa. -</subfield>
  </datafield>
  <datafield tag="260" ind1=" " ind2=" ">
    <subfield code="a">Recife :</subfield>
    <subfield code="b">Massangana,</subfield>
    <subfield code="c">2010.</subfield>
  </datafield>
  <datafield tag="300" ind1=" " ind2=" ">
    <subfield code="a">1v., 2v. ;</subfield>
    <subfield code="c">24cm.</subfield>
  </datafield>
  <datafield tag="500" ind1=" " ind2=" ">
    <subfield code="a">Material acondicionado em caixa.</subfield>
  </datafield>
  <datafield tag="500" ind1=" " ind2=" ">
    <subfield code="a">Dados retirados da caixa.</subfield>
  </datafield>
  <datafield tag="505" ind1="0" ind2=" ">
    <subfield code="a">Conteúdo: v.1 O divã na rede - v.2 O si(g)no emudeceu.</subfield>
  </datafield>
  <datafield tag="650" ind1="0" ind2="4">
    <subfield code="a">Psicanálise.</subfield>
  </datafield>
  <datafield tag="700" ind1="1" ind2=" ">
    <subfield code="a">Pessoa, Helena</subfield>
  </datafield>
  <datafield tag="710" ind1="2" ind2=" ">
    <subfield code="a">Fundação Joaquim Nabuco</subfield>
  </datafield>
  <datafield tag="852" ind1=" " ind2=" ">
    <subfield code="a">Obras Gerais</subfield>
  </datafield>
  <datafield tag="942" ind1=" " ind2=" ">
    <subfield code="c">L</subfield>
  </datafield>
  <datafield tag="949" ind1=" " ind2=" ">
    <subfield code="a">1.360.843 DL 06/06/2012 v.1</subfield>
  </datafield>
  <datafield tag="949" ind1=" " ind2=" ">
    <subfield code="a">1.360.844 DL 06/06/2012 v.2</subfield>
  </datafield>
  <datafield tag="990" ind1=" " ind2=" ">
    <subfield code="a">Livro</subfield>
  </datafield>
  <datafield tag="952" ind1=" " ind2=" ">
    <subfield code="0">0</subfield>
    <subfield code="1">0</subfield>
    <subfield code="2">ddc</subfield>
    <subfield code="4">0</subfield>
    <subfield code="6">150_195000000000000_M488P</subfield>
    <subfield code="7">0</subfield>
    <subfield code="8">G</subfield>
    <subfield code="9">31012</subfield>
    <subfield code="a">sdin</subfield>
    <subfield code="b">sdin</subfield>
    <subfield code="d">2017-12-04</subfield>
    <subfield code="h">v.1</subfield>
    <subfield code="l">0</subfield>
    <subfield code="o">150.195 M488p</subfield>
    <subfield code="p">2017-0515</subfield>
    <subfield code="r">2017-12-04</subfield>
    <subfield code="w">2017-12-04</subfield>
    <subfield code="y">L</subfield>
  </datafield>
  <datafield tag="952" ind1=" " ind2=" ">
    <subfield code="0">0</subfield>
    <subfield code="1">0</subfield>
    <subfield code="2">ddc</subfield>
    <subfield code="4">0</subfield>
    <subfield code="6">150_195000000000000_M488P</subfield>
    <subfield code="7">0</subfield>
    <subfield code="8">G</subfield>
    <subfield code="9">31013</subfield>
    <subfield code="a">sdin</subfield>
    <subfield code="b">sdin</subfield>
    <subfield code="d">2017-12-04</subfield>
    <subfield code="h">v.2</subfield>
    <subfield code="l">0</subfield>
    <subfield code="o">150.195 M488p</subfield>
    <subfield code="p">2017-0516</subfield>
    <subfield code="r">2017-12-04</subfield>
    <subfield code="w">2017-12-04</subfield>
    <subfield code="y">L</subfield>
  </datafield>
</record>