

<record>
  <leader>00469nam a2200181   4500</leader>
  <controlfield tag="001">BIBLIOPAC-010427</controlfield>
  <controlfield tag="005">20161123142858.0</controlfield>
  <controlfield tag="008">140416s2014    bl     f     0000 0 fre  </controlfield>
  <datafield tag="082" ind1="1" ind2=" ">
    <subfield code="a">152.322</subfield>
  </datafield>
  <datafield tag="090" ind1=" " ind2=" ">
    <subfield code="a">152.322</subfield>
    <subfield code="b">S251r</subfield>
  </datafield>
  <datafield tag="100" ind1="1" ind2=" ">
    <subfield code="a">Sartre, Jean-Paul</subfield>
  </datafield>
  <datafield tag="245" ind1="1" ind2="0">
    <subfield code="a">Réflexions sur la question juive / </subfield>
    <subfield code="c">Jean-Paul Sartre.</subfield>
  </datafield>
  <datafield tag="260" ind1=" " ind2=" ">
    <subfield code="a">Paris : </subfield>
    <subfield code="b">Gallimard, </subfield>
    <subfield code="c">1954.</subfield>
  </datafield>
  <datafield tag="300" ind1=" " ind2=" ">
    <subfield code="a">185p. : </subfield>
    <subfield code="b">il.</subfield>
  </datafield>
  <datafield tag="650" ind1=" " ind2="4">
    <subfield code="a">Judeus.</subfield>
  </datafield>
  <datafield tag="650" ind1=" " ind2="4">
    <subfield code="a">França.</subfield>
  </datafield>
  <datafield tag="942" ind1=" " ind2=" ">
    <subfield code="c">L</subfield>
  </datafield>
  <datafield tag="999" ind1=" " ind2=" ">
    <subfield code="c">17137</subfield>
    <subfield code="d">17137</subfield>
  </datafield>
  <datafield tag="952" ind1=" " ind2=" ">
    <subfield code="0">0</subfield>
    <subfield code="1">0</subfield>
    <subfield code="4">0</subfield>
    <subfield code="6">152_322000000000000_S251R</subfield>
    <subfield code="7">1</subfield>
    <subfield code="8">G</subfield>
    <subfield code="9">23282</subfield>
    <subfield code="a">sdin</subfield>
    <subfield code="b">sdin</subfield>
    <subfield code="d">2016-11-23</subfield>
    <subfield code="l">0</subfield>
    <subfield code="o">152.322 S251r</subfield>
    <subfield code="p">80-0835</subfield>
    <subfield code="r">2016-11-23</subfield>
    <subfield code="w">2016-11-23</subfield>
    <subfield code="y">L</subfield>
  </datafield>
</record>