

<record>
  <leader>00656nam a2200229   4500</leader>
  <controlfield tag="001">BIBLIOPAC-010495</controlfield>
  <controlfield tag="005">20161123142906.0</controlfield>
  <controlfield tag="008">140429s2014    bl     f     0000 0 eng  </controlfield>
  <datafield tag="020" ind1=" " ind2=" ">
    <subfield code="a">0-394-41045-9</subfield>
  </datafield>
  <datafield tag="082" ind1="1" ind2=" ">
    <subfield code="a">153</subfield>
  </datafield>
  <datafield tag="090" ind1=" " ind2=" ">
    <subfield code="a">153</subfield>
    <subfield code="b">S129d</subfield>
  </datafield>
  <datafield tag="100" ind1="1" ind2=" ">
    <subfield code="a">Sagan, Carl</subfield>
  </datafield>
  <datafield tag="245" ind1="1" ind2="0">
    <subfield code="a">The dragons of Eden: </subfield>
    <subfield code="b">speculations on the evolution of human intelligence / </subfield>
    <subfield code="c">Carl Sagan.</subfield>
  </datafield>
  <datafield tag="260" ind1=" " ind2=" ">
    <subfield code="a">Nova Iorque: </subfield>
    <subfield code="b">Randon House, </subfield>
    <subfield code="c">c1977.</subfield>
  </datafield>
  <datafield tag="300" ind1=" " ind2=" ">
    <subfield code="a">263p. : </subfield>
    <subfield code="b">il.</subfield>
  </datafield>
  <datafield tag="504" ind1=" " ind2=" ">
    <subfield code="a">Bibliografia: p. 240-249.</subfield>
  </datafield>
  <datafield tag="505" ind1=" " ind2="0">
    <subfield code="a">Inclui índice.</subfield>
  </datafield>
  <datafield tag="505" ind1=" " ind2="0">
    <subfield code="a">Contém glossário.</subfield>
  </datafield>
  <datafield tag="650" ind1=" " ind2="4">
    <subfield code="a">Intelecto.</subfield>
  </datafield>
  <datafield tag="650" ind1=" " ind2="4">
    <subfield code="a">Genética</subfield>
    <subfield code="x">Psicologia.</subfield>
  </datafield>
  <datafield tag="942" ind1=" " ind2=" ">
    <subfield code="c">L</subfield>
  </datafield>
  <datafield tag="999" ind1=" " ind2=" ">
    <subfield code="c">17205</subfield>
    <subfield code="d">17205</subfield>
  </datafield>
  <datafield tag="952" ind1=" " ind2=" ">
    <subfield code="0">0</subfield>
    <subfield code="1">0</subfield>
    <subfield code="4">0</subfield>
    <subfield code="6">153_000000000000000_S129D</subfield>
    <subfield code="7">1</subfield>
    <subfield code="8">G</subfield>
    <subfield code="9">23378</subfield>
    <subfield code="a">sdin</subfield>
    <subfield code="b">sdin</subfield>
    <subfield code="d">2016-11-23</subfield>
    <subfield code="l">0</subfield>
    <subfield code="o">153 S129d</subfield>
    <subfield code="p">88-0505</subfield>
    <subfield code="r">2016-11-23</subfield>
    <subfield code="w">2016-11-23</subfield>
    <subfield code="y">L</subfield>
  </datafield>
</record>