

<record>
  <leader>00866cam a22002777a 4500</leader>
  <controlfield tag="003">BR-RjBN</controlfield>
  <controlfield tag="005">20170425163629.0</controlfield>
  <controlfield tag="008">010823s2002    rjba          001 0 por d</controlfield>
  <datafield tag="020" ind1=" " ind2=" ">
    <subfield code="a">8586116661 (enc.)</subfield>
  </datafield>
  <datafield tag="035" ind1=" " ind2=" ">
    <subfield code="a">2003012813174343med</subfield>
  </datafield>
  <datafield tag="040" ind1=" " ind2=" ">
    <subfield code="a">Br</subfield>
    <subfield code="b">por</subfield>
  </datafield>
  <datafield tag="041" ind1="1" ind2=" ">
    <subfield code="a">por</subfield>
    <subfield code="h">ger</subfield>
  </datafield>
  <datafield tag="082" ind1="0" ind2="4">
    <subfield code="a">153.9</subfield>
  </datafield>
  <datafield tag="090" ind1=" " ind2=" ">
    <subfield code="a">153.9</subfield>
    <subfield code="b">D671d</subfield>
  </datafield>
  <datafield tag="245" ind1="0" ind2="0">
    <subfield code="a">Domine os poderes de sua mente :</subfield>
    <subfield code="b">pense melhor, viva melhor : como desenvolver sua inteligência de forma fácil e divertida. -</subfield>
  </datafield>
  <datafield tag="260" ind1=" " ind2=" ">
    <subfield code="a">Rio de Janeiro :</subfield>
    <subfield code="b">Reader's Digests,</subfield>
    <subfield code="c">2002.</subfield>
  </datafield>
  <datafield tag="300" ind1=" " ind2=" ">
    <subfield code="a">320p. :</subfield>
    <subfield code="b">ìl. col. ;</subfield>
    <subfield code="c">27cm.</subfield>
  </datafield>
  <datafield tag="500" ind1=" " ind2=" ">
    <subfield code="a">Tradução de: Besser Denken, Besser Leben.</subfield>
  </datafield>
  <datafield tag="500" ind1=" " ind2=" ">
    <subfield code="a">"Seleções do Reader's Digest."</subfield>
  </datafield>
  <datafield tag="500" ind1=" " ind2=" ">
    <subfield code="a">Inclui índice.</subfield>
  </datafield>
  <datafield tag="650" ind1="0" ind2="4">
    <subfield code="a">Inteligência</subfield>
  </datafield>
  <datafield tag="650" ind1="0" ind2="4">
    <subfield code="a">Controle da mente</subfield>
  </datafield>
  <datafield tag="852" ind1=" " ind2=" ">
    <subfield code="a">Obras Gerais</subfield>
  </datafield>
  <datafield tag="942" ind1=" " ind2=" ">
    <subfield code="c">L</subfield>
  </datafield>
  <datafield tag="949" ind1=" " ind2=" ">
    <subfield code="a">1.060.610 DL 17/02/2003</subfield>
  </datafield>
  <datafield tag="999" ind1=" " ind2=" ">
    <subfield code="c">19173</subfield>
    <subfield code="d">19173</subfield>
  </datafield>
  <datafield tag="952" ind1=" " ind2=" ">
    <subfield code="0">0</subfield>
    <subfield code="1">0</subfield>
    <subfield code="2">ddc</subfield>
    <subfield code="4">0</subfield>
    <subfield code="6">153_900000000000000_D671D</subfield>
    <subfield code="7">0</subfield>
    <subfield code="8">G</subfield>
    <subfield code="9">25902</subfield>
    <subfield code="a">sdin</subfield>
    <subfield code="b">sdin</subfield>
    <subfield code="d">2017-04-25</subfield>
    <subfield code="l">0</subfield>
    <subfield code="o">153.9 D671d</subfield>
    <subfield code="p">2017-0174</subfield>
    <subfield code="r">2017-04-25</subfield>
    <subfield code="w">2017-04-25</subfield>
    <subfield code="y">L</subfield>
  </datafield>
</record>