

<record>
  <leader>00772nam a2200265   4500</leader>
  <controlfield tag="001">BIBLIOPAC-010378</controlfield>
  <controlfield tag="003">Br</controlfield>
  <controlfield tag="005">20161123142854.0</controlfield>
  <controlfield tag="008">110208s2010    spb           001 0 por  </controlfield>
  <datafield tag="082" ind1="0" ind2="4">
    <subfield code="a">155.4</subfield>
    <subfield code="2">22</subfield>
  </datafield>
  <datafield tag="090" ind1=" " ind2=" ">
    <subfield code="a">155.4</subfield>
    <subfield code="b">L533d</subfield>
  </datafield>
  <datafield tag="092" ind1=" " ind2=" ">
    <subfield code="a">II-496,2,51</subfield>
  </datafield>
  <datafield tag="100" ind1="1" ind2=" ">
    <subfield code="a">Leite, Dante Moreira</subfield>
  </datafield>
  <datafield tag="245" ind1="0" ind2="2">
    <subfield code="a">O desenvolvimento da criança:   </subfield>
    <subfield code="c">Dante Moreira Leite. -</subfield>
    <subfield code="b">leituras básicas / </subfield>
  </datafield>
  <datafield tag="260" ind1=" " ind2=" ">
    <subfield code="a">São Paulo : </subfield>
    <subfield code="b">USP, </subfield>
    <subfield code="c">1972.</subfield>
  </datafield>
  <datafield tag="300" ind1=" " ind2=" ">
    <subfield code="a">336p. : </subfield>
    <subfield code="b">il.</subfield>
  </datafield>
  <datafield tag="490" ind1="1" ind2=" ">
    <subfield code="a">(Atualidades Pedagógicas ; </subfield>
    <subfield code="v">V. 109)</subfield>
  </datafield>
  <datafield tag="504" ind1=" " ind2=" ">
    <subfield code="a">Inclui índice onomástico.</subfield>
  </datafield>
  <datafield tag="595" ind1=" " ind2=" ">
    <subfield code="a">BNB</subfield>
    <subfield code="c">01/11</subfield>
  </datafield>
  <datafield tag="650" ind1=" " ind2=" ">
    <subfield code="a">Crianças</subfield>
    <subfield code="x">Desenvolvimento.</subfield>
  </datafield>
  <datafield tag="650" ind1=" " ind2=" ">
    <subfield code="a">Crianças</subfield>
    <subfield code="x">Condições sociais.</subfield>
  </datafield>
  <datafield tag="650" ind1=" " ind2=" ">
    <subfield code="a">Psicologia infantil.</subfield>
  </datafield>
  <datafield tag="852" ind1=" " ind2=" ">
    <subfield code="a">Obras Gerais</subfield>
  </datafield>
  <datafield tag="942" ind1=" " ind2=" ">
    <subfield code="c">L</subfield>
  </datafield>
  <datafield tag="999" ind1=" " ind2=" ">
    <subfield code="c">17088</subfield>
    <subfield code="d">17088</subfield>
  </datafield>
  <datafield tag="952" ind1=" " ind2=" ">
    <subfield code="0">0</subfield>
    <subfield code="1">0</subfield>
    <subfield code="2">ddc</subfield>
    <subfield code="4">0</subfield>
    <subfield code="6">155_400000000000000_L533D</subfield>
    <subfield code="7">0</subfield>
    <subfield code="9">24259</subfield>
    <subfield code="a">sdin</subfield>
    <subfield code="b">sdin</subfield>
    <subfield code="d">2016-11-30</subfield>
    <subfield code="l">0</subfield>
    <subfield code="o">155.4 L533d</subfield>
    <subfield code="p">2016-0561</subfield>
    <subfield code="r">2016-11-30</subfield>
    <subfield code="w">2016-11-30</subfield>
    <subfield code="y">L</subfield>
  </datafield>
</record>