

<record>
  <leader>00714nam a2200229   4500</leader>
  <controlfield tag="001">BIBLIOPAC-009011</controlfield>
  <controlfield tag="005">20161123142534.0</controlfield>
  <controlfield tag="008">080123s2007    bl     f     0000 0 por  </controlfield>
  <datafield tag="020" ind1=" " ind2=" ">
    <subfield code="a">85-7401-222-X (EDUA)</subfield>
  </datafield>
  <datafield tag="020" ind1=" " ind2=" ">
    <subfield code="a">978-85-211-0032-4</subfield>
  </datafield>
  <datafield tag="041" ind1="0" ind2=" ">
    <subfield code="a">por</subfield>
  </datafield>
  <datafield tag="082" ind1="1" ind2=" ">
    <subfield code="a">155.92</subfield>
  </datafield>
  <datafield tag="090" ind1=" " ind2=" ">
    <subfield code="a">155.92</subfield>
    <subfield code="b">A994</subfield>
  </datafield>
  <datafield tag="100" ind1="1" ind2=" ">
    <subfield code="a">Azevedo, Genoveva Chagas de</subfield>
    <subfield code="q">Genoveva Chagas de Azevedo.</subfield>
  </datafield>
  <datafield tag="245" ind1="1" ind2="0">
    <subfield code="a">Representações sociais de meios ambiente: </subfield>
    <subfield code="b">a Reserva Florestal Adolpho Ducke / </subfield>
    <subfield code="c">Genoveva Chagas de Azevedo.</subfield>
  </datafield>
  <datafield tag="260" ind1=" " ind2=" ">
    <subfield code="a">Manaus: </subfield>
    <subfield code="b">EDUA: </subfield>
  </datafield>
  <datafield tag="260" ind1=" " ind2=" ">
    <subfield code="b">INPA, </subfield>
    <subfield code="c">2007.</subfield>
  </datafield>
  <datafield tag="300" ind1=" " ind2=" ">
    <subfield code="a">210p. : </subfield>
    <subfield code="b">il. </subfield>
  </datafield>
  <datafield tag="650" ind1=" " ind2="4">
    <subfield code="a">Reserva florestal</subfield>
    <subfield code="z">Manaus.</subfield>
  </datafield>
  <datafield tag="650" ind1=" " ind2="4">
    <subfield code="a">Reserva Florestal Adolpho Ducke.</subfield>
  </datafield>
  <datafield tag="942" ind1=" " ind2=" ">
    <subfield code="c">L</subfield>
  </datafield>
  <datafield tag="999" ind1=" " ind2=" ">
    <subfield code="c">15772</subfield>
    <subfield code="d">15772</subfield>
  </datafield>
  <datafield tag="952" ind1=" " ind2=" ">
    <subfield code="0">0</subfield>
    <subfield code="1">0</subfield>
    <subfield code="2">ddc</subfield>
    <subfield code="4">0</subfield>
    <subfield code="6">AM_155_920000000000000_A994</subfield>
    <subfield code="7">0</subfield>
    <subfield code="8">AM</subfield>
    <subfield code="9">21434</subfield>
    <subfield code="a">sdin</subfield>
    <subfield code="b">sdin</subfield>
    <subfield code="d">2016-11-23</subfield>
    <subfield code="l">0</subfield>
    <subfield code="o">AM 155.92 A994</subfield>
    <subfield code="p">08-0055</subfield>
    <subfield code="r">2016-11-23</subfield>
    <subfield code="w">2016-11-23</subfield>
    <subfield code="y">L</subfield>
  </datafield>
  <datafield tag="952" ind1=" " ind2=" ">
    <subfield code="0">0</subfield>
    <subfield code="1">0</subfield>
    <subfield code="2">ddc</subfield>
    <subfield code="4">0</subfield>
    <subfield code="6">AM_155_920000000000000_A994</subfield>
    <subfield code="7">0</subfield>
    <subfield code="8">AM</subfield>
    <subfield code="9">39020</subfield>
    <subfield code="a">sdin</subfield>
    <subfield code="b">sdin</subfield>
    <subfield code="d">2018-09-24</subfield>
    <subfield code="l">0</subfield>
    <subfield code="o">AM 155.92 A994</subfield>
    <subfield code="p">08-0223</subfield>
    <subfield code="r">2018-09-24</subfield>
    <subfield code="w">2018-09-24</subfield>
    <subfield code="y">L</subfield>
  </datafield>
</record>